<?xml version='1.0' encoding='utf-8'?>
<record xmlns="http://www.loc.gov/MARC21/slim" xmlns:xsi="http://www.w3.org/2001/XMLSchema-instance">
  <leader>^^^^^cam^a2200301^a^4500</leader>
  <controlfield tag="001">003930985</controlfield>
  <controlfield tag="005">20030509000000.0</controlfield>
  <controlfield tag="008">951110s1989^^^^miua^^^^^^^^^s000^0^eng^d</controlfield>
  <datafield tag="035" ind1=" " ind2=" ">
    <subfield code="a">(OCoLC)ocm22164701</subfield>
  </datafield>
  <datafield tag="035" ind1=" " ind2=" ">
    <subfield code="9">(UL)ANS0187</subfield>
  </datafield>
  <datafield tag="040" ind1=" " ind2=" ">
    <subfield code="a">NEM</subfield>
    <subfield code="c">NEM</subfield>
    <subfield code="d">EYM</subfield>
  </datafield>
  <datafield tag="100" ind1="1" ind2=" ">
    <subfield code="a">Johnston, Jerome.</subfield>
  </datafield>
  <datafield tag="245" ind1="1" ind2="4">
    <subfield code="a">The Electronic classroom in higher education :</subfield>
    <subfield code="b">a case for change /</subfield>
    <subfield code="c">Jerome Johnston and Susan Gardner.</subfield>
  </datafield>
  <datafield tag="260" ind1=" " ind2=" ">
    <subfield code="a">Ann Arbor, MI :</subfield>
    <subfield code="b">National Center for Research to Improve Postsecondary Teaching and Learning,</subfield>
    <subfield code="c">c1989.</subfield>
  </datafield>
  <datafield tag="300" ind1=" " ind2=" ">
    <subfield code="a">29 p. :</subfield>
    <subfield code="b">ill. ;</subfield>
    <subfield code="c">28 cm</subfield>
  </datafield>
  <datafield tag="500" ind1=" " ind2=" ">
    <subfield code="a">From the Program on Learning, Teaching and Technology.</subfield>
  </datafield>
  <datafield tag="500" ind1=" " ind2=" ">
    <subfield code="a">Grant number OERI-G0086-90010.</subfield>
  </datafield>
  <datafield tag="555" ind1="0" ind2=" ">
    <subfield code="a">Finding aid available via World Wide Web at URL: http://quod.lib.umich.edu/cgi/f/findaid/findaid-idx?c=bhlead&amp;idno=umich-bhl-0347</subfield>
  </datafield>
  <datafield tag="650" ind1=" " ind2="0">
    <subfield code="a">Computer-assisted instruction</subfield>
    <subfield code="z">Michigan</subfield>
    <subfield code="v">Case studies.</subfield>
  </datafield>
  <datafield tag="650" ind1=" " ind2="0">
    <subfield code="a">Education, Higher</subfield>
    <subfield code="x">Effect of technological innovations on</subfield>
    <subfield code="z">Michigan</subfield>
    <subfield code="v">Case studies.</subfield>
  </datafield>
  <datafield tag="700" ind1="1" ind2=" ">
    <subfield code="a">Gardner, Susan.</subfield>
  </datafield>
  <datafield tag="710" ind1="2" ind2=" ">
    <subfield code="a">National Center for Research to Improve Postsecondary Teaching and Learning.</subfield>
  </datafield>
  <datafield tag="773" ind1="0" ind2=" ">
    <subfield code="a">University of Michigan. School of Education.</subfield>
    <subfield code="t">Records, 1904-[ongoing]</subfield>
  </datafield>
  <datafield tag="773" ind1="0" ind2=" ">
    <subfield code="a">University of Michigan</subfield>
    <subfield code="t">School of Education (University of Michigan) publications</subfield>
    <subfield code="w">BBV9746</subfield>
  </datafield>
  <datafield tag="856" ind1="4" ind2="2">
    <subfield code="3">Finding aid:</subfield>
    <subfield code="u">http://quod.lib.umich.edu/cgi/f/findaid/findaid-idx?c=bhlead&amp;idno=umich-bhl-0347</subfield>
  </datafield>
  <datafield tag="852" ind1="8" ind2=" ">
    <subfield code="a">MiU-H</subfield>
    <subfield code="b">BENT</subfield>
    <subfield code="h">0347 BImu C202 2</subfield>
  </datafield>
  <datafield tag="997" ind1=" " ind2=" ">
    <subfield code="a">MARS</subfield>
  </datafield>
  <datafield tag="998" ind1=" " ind2=" ">
    <subfield code="c">MLJ</subfield>
  </datafield>
  <datafield tag="LKR" ind1=" " ind2=" ">
    <subfield code="a">UP</subfield>
    <subfield code="b">004310309</subfield>
    <subfield code="l">MIU01</subfield>
    <subfield code="r">773</subfield>
    <subfield code="m">The Electronic classroom in higher education : a case for change /</subfield>
    <subfield code="n">[School of Education (University of Michigan) publications].</subfield>
  </datafield>
  <datafield tag="955" ind1=" " ind2=" ">
    <subfield code="b">BENT</subfield>
    <subfield code="p">B1678708</subfield>
  </datafield>
</record>
